@CONFERENCE{Nurmukhametov,
	author = {Нурмухаметов, А. Р. and Еремин, М. В.},
	title = {К теории необратимости в спектрах \cbo},
	booktitle = {Нанофизика и наноэлектроника. Труды XXVI Международного симпозиума},
	year = {2022},
	language = {russian},
	authorconf = {true},
}

@ARTICLE{Eremin2021,
	author = {Еремин, М. В. and Нурмухаметов, А. Р.},
	title = {О магнитоэлектрической связи в \ncbo},
	journal = {Письма в ЖЭТФ},
	year = {2021},
	volume = {114},
	number = {1},
	pages = {31--35},
	url = {https://doi.org/10.31857/S1234567821130073},
	language = {russian},
	authorscopus = {true},
	authorwos = {true},
	addendum = {(Scopus, WoS)},
}

@ARTICLE{Nurmukhametov2022,
	author = {Еремин, М. В. and Нурмухаметов, А. Р.},
	title = {К теории динамической магнитоэлектрической связи в \cbo},
	journal = {ЖЭТФ},
	year = {2022},
	volume = {162},
	number = {3},
	pages = {1--8},
	url = {https://doi.org/10.31857/S0044451022090000},
	language = {russian},
	authorscopus = {true},
	authorwos = {true},
	addendum = {(Scopus, WoS)},
}

@ARTICLE{Kopteva2022,
	author = {Kopteva, N. E. and Kudlacik, D. and Yakovlev, D. R. and Eremin, M. V. and Nurmukhametov, A. R. and Bayer, M. and Pisarev, R. V.},
	title = {Zeeman and Davydov splitting of Frenkel excitons in the antiferromagnet \cbo},
	journal = {Phys. Rev. B},
	year = {2022},
	volume = {105},
	pages = {024421},
	url = {https://doi.org/10.1103/PhysRevB.105.024421},
	language = {english},
	authorscopus = {true},
	authorwos = {true},
	addendum = {(Scopus, WoS)},
}
