@BOOK{Landau,
	author = {Ландау, Л. Д. and Лифшиц, Е. М.},
	title = {Электродинамика сплошных сред},
	address = {Москва},
	publisher = {Наука},
	year = {1982},
	numpages = {250},
	note = {(Теоретическая физика, том VIII)},
	language = {russian}
}

@BOOK{Mims,
	author = {Mims, W. B.},
	title = {The linear electric field effect in paramagnetic resonance},
	address = {Oxford},
	publisher = {Clarendon press},
	year = {1976},
	numpages = {339},
	language = {english}
}

@incollection{Malkin1987,
	title = {CHAPTER 2 - Crystal field and Electron–Phonon Interaction in Rare-Earth Ionic Paramagnets},
	author = {B.Z. MALKIN},
	editor = {A.A. KAPLYANSKII and R.M. MACFARLANE},
	series = {Modern Problems in Condensed Matter Sciences},
	publisher = {Elsevier},
	volume = {21},
	pages = {13-50},
	year = {1987},
	booktitle = {Spectroscopy of Solids Containing Rare Earth Ions},
	issn = {0167-7837},
	doi = {https://doi.org/10.1016/B978-0-444-87051-3.50008-0},
	url = {https://www.sciencedirect.com/science/article/pii/B9780444870513500080},
	language = {russian}
}

@ARTICLE{Saito2009,
	author =       {Saito, M. and Ishikawa, K. and Konno, S. and Taniguchi, K.},
	title =        {Periodic rotation of magnetization in a non-centrosymmetric soft magnet induced by an electric field},
	journal =      {Nature Materials},
	year =         {2009},
	volume =       {8},
	numpages =     {634–-638},
	url =          {https://doi.org/10.1038/nmat2492},
	language =     {english}
}

@ARTICLE{Khanh2013,
	author =       {Khanh, N. D. and Abe, N. and Kubo, K. and Akaki, M. and Tokunaga, M. and Sasaki, T. and Arima, T.},
	title =        {Magnetic control of electric polarization in the noncentrosymmetric compound \ncbo},
	journal =      {Phys. Rev. B},
	year =         {2013},
	volume =       {87},
	numpages =     {184416},
	url =          {https://doi.org/10.1103/PhysRevB.87.184416},
	language =     {english}
}

@ARTICLE{Toyoda2016,
	author =       {Toyoda, S. and Abe, N. and Arima, T.},
	title =        {Gigantic directional asymmetry of luminescence in multiferroic \cbo},
	journal =      {Phys. Rev. B},
	year =         {2016},
	volume =       {93},
	numpages =     {201109(R)},
	url =          {https://doi.org/10.1103/PhysRevB.93.201109},
	language =     {english}
}

@ARTICLE{Toyoda2015,
	author =       {Toyoda, S. and Abe, N. and Kimura, S. and Matsuda, Y. H. and Nomura, T. and Ikeda, A. and Takeyama, S. and Arima, T.},
	title =        {One-Way Transparency of Light in Multiferroic \cbo},
	journal =      {Phys. Rev. Lett.},
	year =         {2015},
	volume =       {115},
	numpages =     {267207},
	url =          {https://doi.org/10.1103/PhysRevLett.115.267207},
	language =     {english}
}

@ARTICLE{Saito2008ape,
	author =       {Mitsuru Saito and Kenta Ishikawa and Kouji Taniguchi and Taka-hisa Arima},
	title =        {Magnetically Controllable \cbo\ Phase Retarder},
	journal =      {Applied Physics Express},
	year =         {2008},
	volume =       {1},
	numpages =     {121302},
	url =          {https://doi.org/10.1143/apex.1.121302},
	language =     {english}
}

@ARTICLE{Dzyaloshinskii1959,
	author =       {Дзялошинский, И.Б.},
	title =        {К вопросу о магнитоэлектрическом эффекте в антиферромагнетиках},
	journal =      {ЖЭТФ},
	year =         {1959},
	volume =       {37},
	numpages =     {881--882},
	language =     {russian}
}

@ARTICLE{Zvezdin2008,
	author =       {Звездин, А. К. and Мухин, А. А.},
	title =        {Магнитоэлектрические взаимодействия и фазовые переходы в~новом классе мультиферроиков с~несобственной электрической поляризацией},
	journal =      {Письма в ЖЭТФ},
	year =         {2008},
	volume =       {8},
	numpages =     {581--586},
	url =          {http://mi.mathnet.ru/jetpl255},
	language =     {russian}
}

@ARTICLE{Pyatakov2012,
	author =       {Пятаков, А. П. and Звездин, А. К.},
	title =        {Магнитоэлектрические материалы и мультиферроики},
	journal =      {УФН},
	year =         {2012},
	volume =       {182},
	numpages =     {593--620},
	url =          {https://ufn.ru/ru/articles/2012/6/b/},
	language =     {russian}
}

@ARTICLE{Popkov2016,
	author =       {Popkov, A. F. and Davydova, M. D. and Zvezdin, K. A. and Solov'yov, S. V. and Zvezdin, A. K.},
	title =        {Origin of the giant linear magnetoelectric effect in perovskitelike multiferroic BiFeO\(_3\)},
	journal =      {Phys. Rev. B},
	year =         {2016},
	volume =       {93},
	numpages =     {094435},
	url =          {https://doi.org/10.1103/PhysRevB.93.094435},
	language =     {english}
}

@ARTICLE{Khomskii2009,
	author =       {Khomskii, Daniel},
	title =        {Classifying multiferroics: Mechanisms and effects},
	journal =      {Physics 2},
	year =         {2009},
	volume =       {2},
	numpages =     {20},
	url =          {https://physics.aps.org/articles/v2/20},
	language =     {english}
}

@ARTICLE{Moskvin2009,
	author =       {Moskvin, A. S. and Drechsler, S.-L.},
	title =        {Microscopic mechanisms of spin-dependent electric polarization in 3d oxides},
	journal =      {Eur. Phys. J. B},
	year =         {2009},
	volume =       {71},
	numpages =     {331--338},
	url =          {https://doi.org/10.1140/epjb/e2009-00264-6},
	language =     {english}
}

@ARTICLE{Tokura2014,
	author =       {Yoshinori Tokura and Shinichiro Seki and Naoto Nagaosa},
	title =        {Multiferroics of spin origin},
	journal =      {Reports on Progress in Physics},
	year =         {2014},
	volume =       {77},
	number =       {7},
	numpages =     {076501},
	url =          {https://doi.org/10.1088/0034-4885/77/7/076501},
	language =     {english}
}

@ARTICLE{Shuai2015,
	author =       {Dong, Shuai and Liu, Jun-Ming and Cheong, Sang-Wook and Ren, Zhifeng},
	title =        {Multiferroic materials and magnetoelectric physics: Symmetry, entanglement, excitation, and topology},
	journal =      {Advances in Physics},
	year =         {2015},
	volume =       {64},
	numpages =     {519--626},
	url =          {https://doi.org/10.1080/00018732.2015.1114338},
	language =     {english}
}

@ARTICLE{Saito2008jpsj,
	author =       {Saito, Mitsuru and Taniguchi, Kouji and Arima, Taka-hisa},
	title =        {Gigantic Optical Magnetoelectric Effect in \cbo},
	journal =      {Journal of the Physical Society of Japan},
	year =         {2008},
	volume =       {77},
	number =       {1},
	numpages =     {013705},
	url =          {https://doi.org/10.1143/JPSJ.77.013705},
	language =     {english}
}

@ARTICLE{Martinez1971,
	author =       {Martinez-Ripoll, M. and Martinez-Carrera, S. and Garcia-Blanco, S.},
	title =        {The Crystal Structure of Copper Metaborate, \cbo},
	journal =      {Acta Crystallographica},
	year =         {1971},
	volume =       {B27},
	numpages =     {667--681},
	url =          {https://doi.org/10.1107/S0567740871002760},
	language =     {english}
}


@ARTICLE{Boehm2003,
	author =       {Boehm, M. and Roessli, B. and Schefer, J. and Wills, A. S. and Ouladdiaf, B. and Lelièvre-Berna, E. and Staub, U. and Petrakovskii, G. A.},
	title =        {Complex magnetic ground state of \cbo},
	journal =      {Phys. Rev. B},
	year =         {2003},
	volume =       {68},
	numpages =     {024405},
	url =          {https://doi.org/10.1103/PhysRevB.68.024405},
	language =     {english}
}

@ARTICLE{Toyoda2019,
	author =       {Toyoda, S. and Abe, N. and Arima, T.},
	title =        {Nonreciprocal Refraction of Light in a Magnetoelectric Material},
	journal =      {Phys. Rev. Lett.},
	year =         {2019},
	volume =       {123},
	numpages =     {077401},
	url =          {https://doi.org/10.1103/PhysRevLett.123.077401},
	language =     {english}
}

@ARTICLE{Nenert2007,
	author =       {Nénert, G. and Bezmaternykh, L. N. and Vasiliev, A. N. and Palstra, T. T. M.},
	title =        {Magnetic, structural, and dielectric properties of \cbo},
	journal =      {Phys. Rev. B},
	year =         {2007},
	volume =       {76},
	numpages =     {144401},
	url =          {https://doi.org/10.1103/PhysRevB.76.144401},
	language =     {english}
}

@ARTICLE{Nikitchenko2021,
	author =       {Nikitchenko, A. I. and Pisarev, R. V.},
	title =        {Magnetic and antiferromagnetic nonreciprocity of light propagation in magnetoelectric \cbo},
	journal =      {Phys. Rev. B},
	year =         {2021},
	volume =       {104},
	numpages =     {184108},
	url =          {https://doi.org/10.1103/PhysRevB.104.184108},
	language =     {english}
}

@ARTICLE{Lovesey2009,
	author =       {Lovesey, Stephen W. and Staub, Urs},
	title =        {Calculated chiral and magneto-electric dichroic signals for copper metaborate (\cbo) in an applied magnetic field},
	journal =      {J. Phys.: Condens. Matter},
	year =         {2009},
	volume =       {21},
	numpages =     {142201},
	url =          {https://doi.org/10.1088/0953-8984/21/14/142201},
	language =     {english}
}

@ARTICLE{Boldyrev2015,
	author =       {Boldyrev, K. N. and Pisarev, R. V. and Bezmaternykh, L. N. and Popova, M. N.},
	title =        {Antiferromagnetic Dichroism in a Complex Multisublattice Magnetoelectric \cbo},
	journal =      {Phys. Rev. Lett.},
	year =         {2015},
	volume =       {114},
	numpages =     {247210},
	url =          {https://doi.org/10.1103/PhysRevLett.114.247210},
	language =     {english}
}

@ARTICLE{Pisarev2011,
	author =       {Pisarev, R. V. and Kalashnikova, A. M. and Bezmaternykh, L. N.},
	title =        {Electronic transitions and genuine crystal-field parameters in copper metaborate \cbo},
	journal =      {Phys. Rev. B},
	year =         {2011},
	volume =       {84},
	numpages =     {075160},
	url =          {https://doi.org/10.1103/PhysRevB.84.075160},
	language =     {english}
}

@ARTICLE{Sergienko2006,
	author =       {Sergienko, I. A. and Dagotto, E.},
	title =        {Role of the Dzyaloshinskii-Moriya interaction in multiferroic perovskites},
	journal =      {Phys. Rev. B},
	year =         {2006},
	volume =       {73},
	numpages =     {094434},
	url =          {https://doi.org/10.1103/PhysRevB.73.094434},
	language =     {english}
}

@ARTICLE{Katsura2005,
	author =       {Katsura, Hosho and Nagaosa, Naoto and Balatsky, Alexander V.},
	title =        {Spin Current and Magnetoelectric Effect in Noncollinear Magnets},
	journal =      {Phys. Rev. Lett.},
	year =         {2005},
	volume =       {95},
	numpages =     {057205},
	url =          {https://doi.org/10.1103/PhysRevLett.95.057205},
	language =     {english}
}

@ARTICLE{Arima2007,
	author =       {Arima, Taka--hisa},
	title =        {Ferroelectricity Induced by Proper-Screw Type Magnetic Order},
	journal =      {J. Phys. Soc. Jpn.},
	year =         {2007},
	volume =       {76},
	numpages =     {073702},
	url =          {https://doi.org/10.1143/JPSJ.76.073702},
	language =     {english}
}

@ARTICLE{Saito2008prl,
	author =       {Saito, M. and Ishikawa, K. and Taniguchi, K. and Arima, T.},
	title =        {Magnetic Control of Crystal Chirality and the Existence of a Large Magneto-Optical Dichroism Effect in \cbo},
	journal =      {Phys. Rev. Lett.},
	year =         {2008},
	volume =       {101},
	numpages =     {117402},
	url =          {https://doi.org/10.1103/PhysRevLett.101.117402},
	language =     {english}
}

@ARTICLE{Kezsmarki2014,
	author =       {Kézsmárki, I. and Szaller, D. and Bordács, S. and Kocsis, V. and Tokunaga, Y. and Taguchi, Y. and Murakawa, H. and Tokura, Y. and Engelkamp, H. and Rõõm, T. and Nagel, U.},
	title =        {One-way transparency of four-coloured spin-wave excitations in multiferroic materials},
	journal =      {Nature Communications},
	year =         {2014},
	volume =       {5},
	numpages =     {3203},
	url =          {https://doi.org/10.1038/ncomms4203},
	language =     {english}
}

@ARTICLE{Miyahara2014,
	author =       {Miyahara, S. and Furukawa, N.},
	title =        {Theory of magneto-optical effects in helical multiferroic materials via toroidal magnon excitation},
	journal =      {Phys. Rev. B},
	year =         {2014},
	volume =       {89},
	numpages =     {195145},
	url =          {https://doi.org/10.1103/PhysRevB.89.195145},
	language =     {english}
}

@ARTICLE{Bordacs2012,
	author =       {Bordács, S. and Kézsmárki, I. and Szaller, D. and Demkó, L. and Kida, N. and Murakawa, H. and Onose, Y. and Shimano, R. and Rõõm, T. and Nagel, U. and Miyahara, S. and Furukawa, N. and Tokura, Y.},
	title =        {Chirality of matter shows up via spin excitations},
	journal =      {Nature Physics},
	year =         {2012},
	volume =       {8},
	numpages =     {734--738},
	url =          {https://doi.org/10.1038/nphys2387},
	language =     {english}
}

@ARTICLE{Pisarev2011,
	author =       {Pisarev, R. V. and Kalashnikova, A. M. and Schöps, O. and Bezmaternykh, L. N.},
	title =        {Electronic transitions and genuine crystal-field parameters in copper metaborate \cbo},
	journal =      {Phys. Rev. B},
	year =         {2011},
	volume =       {84},
	numpages =     {075160},
	url =          {https://doi.org/10.1103/PhysRevB.84.075160},
	language =     {english}
}

@ARTICLE{Menshenin2017,
	author =       {Меньшенин, В. В.},
	title =        {Экситоны в центре зоны Бриллюэна в магнитоэлектрике \cbo},
	journal =      {ЖЭТФ},
	year =         {2017},
	volume =       {151},
	number =       {2},
	numpages =     {326--334},
	url =          {http://dx.doi.org/10.7868/S0044451017020110},
	language =     {russian}
}

@ARTICLE{Low1960,
	author =       {Low, W. and Weger, M.},
	title =        {Paramagnetic Resonance and Optical Spectra of Divalent Iron in Cubic Fields. I. Theory},
	journal =      {Phys. Rev.},
	year =         {1960},
	volume =       {118},
	numpages =     {1119},
	url =          {https://doi.org/10.1103/PhysRev.118.1119},
	language =     {english}
}

@ARTICLE{Miyahara2012,
	author =       {Miyahara, Shin and Furukawa, Nobuo},
	title =        {Nonreciprocal Directional Dichroism and Toroidalmagnons in Helical Magnets},
	journal =      {J. Phys. Soc. Jpn.},
	year =         {2012},
	volume =       {81},
	numpages =     {023712},
	url =          {https://doi.org/10.1143/JPSJ.81.023712},
	language =     {english}
}

@ARTICLE{Judd1962,
	author =       {Judd, B. R.},
	title =        {Optical Absorption Intensities of Rare-Earth Ions},
	journal =      {Phys. Rev.},
	year =         {1962},
	volume =       {127},
	numpages =     {750},
	url =          {https://doi.org/10.1103/PhysRev.127.750},
	language =     {english}
}

@ARTICLE{Ofelt1962,
	author =       {Ofelt, G. S.},
	title =        {Intensities of Crystal Spectra of Rare‐Earth Ions},
	journal =      {J. Chem. Phys.},
	year =         {1962},
	volume =       {37},
	numpages =     {511},
	url =          {https://doi.org/10.1063/1.1701366},
	language =     {english}
}

@ARTICLE{Kornienko1990,
	author =       {Kornienko, A. A. and Kaminskii, A. A. and Dunina, E. B.},
	title =        {Dependence of the Line Strength of f–f Transitions on the Manifold Energy. II. Analysis of Pr\(^{3+}\) in KPrP\(_{4}\)O\(_{12}\)},
	journal =      {Phys. Stat. Sol. (b)},
	year =         {1990},
	volume =       {157},
	numpages =     {267},
	url =          {https://doi.org/10.1002/pssb.2221570127},
	language =     {english}
}

@ARTICLE{Dunina2008,
	author =       {Dunina, E. B. and Kornienko, A. A. and Fomicheva L. A.},
	title =        {Modified theory of f-f transition intensities and crystal field for systems with anomalously strong configuration interaction},
	journal =      {Cent. Eur. J. Phys.},
	year =         {2008},
	volume =       {6},
	number =       {3},
	numpages =     {407–-414},
	url =          {https://doi.org/10.2478/s11534-008-0084-3},
	language =     {english}
}

@ARTICLE{Dunina2014,
	author =       {Dunina, E. and Kornienko, Alexey},
	title =        {Influence of excited configurations on the intensities of electric-dipole transitions of rare-earth ions},
	journal =      {Optics and Spectroscopy},
	year =         {2014},
	volume =       {116},
	numpages =     {706--711},
	url =          {https://doi.org/10.1134/S0030400X14050087},
	language =     {english}
}

@ARTICLE{Kornienko1977,
	author =       {Корниенко, A. A. and Еремин, М. В.},
	title =        {К теории взаимодействия примесного центра с внешним электрическим полем},
	journal =      {ФТТ},
	year =         {1977},
	volume =       {19},
	number  =      {1},
	numpages =     {52--55},
	language =     {russian}
}

@ARTICLE{Eremin2019jetp,
	author =       {Еремин, М. В.},
	title =        {К теории магнитоэлектрической связи в LiCu\(_2\)O\(_2\)},
	journal =      {ЖЭТФ},
	year =         {2019},
	volume =       {156},
	number =       {6(12)},
	numpages =     {1084–-1092},
	url =          {http://dx.doi.org/10.1134/S0044451019120058},
	language =     {russian}
}

@ARTICLE{Eremin2019prb,
	author =       {Eremin, M. V.},
	title =        {Coupling of spins with an electric field in FeV\(_2\)O\(_4\)},
	journal =      {Phys. Rev. B},
	year =         {2019},
	volume =       {100},
	numpages =     {140404(R)},
	url =          {https://doi.org/10.1103/PhysRevB.100.140404},
	language =     {english}
}

@ARTICLE{Simonetti1977,
	author =       {Simonetti, John and McClure, Donald S.},
	title =        {The $3d\ensuremath{\rightarrow}4p$ transitions of ${\mathrm{Cu}}^{+}$ in LiCl and of transition-metal ions in crystals},
	journal =      {Phys. Rev. B},
	year =         {1977},
	volume =       {16},
	numpages =     {3887},
	url =          {https://doi.org/10.1103/PhysRevB.16.3887},
	language =     {english}
}

@ARTICLE{Eremin2020,
	author =       {Eremin, M. V.},
	title =        {Large linear magnetoelectric effect induced by an external magnetic field in the collinear antiferromagnet ${\mathrm{DyCrO}}_{4}$},
	journal =      {Phys. Rev. B},
	year =         {2020},
	volume =       {102},
	numpages =     {7},
	url =          {https://link.aps.org/doi/10.1103/PhysRevB.102.104107},
	language =     {english}
}

@ARTICLE{Boehm2002,
	author =       {Boehm, M. and Martynov, S. and Roessli, B. and Petrakovskii, G. and Kulda, J.},
	title =        {Spin-wave spectrum of copper metaborate in the commensurate phase 10K<T<21K},
	journal =      {J. Magn. Magn. Mater.},
	year =         {2002},
	volume =       {250},
	numpages =     {313-318},
	url =          {https://doi.org/10.1016/S0304-8853(02)00415-8},
	language =     {english}
}
